date,symbolid,marketValue,vol,basicVol,fPrice,fPriceDev,open,max,min,close,pe,realBuyersCount,realSellersCount,legalBuyersCount,legalSellersCount,realBuyersVol,realSellersVol,legalBuyersVol,legalSellersVol
13990919,فاراك,4.19266E+11,52591320,6172840,7970,4,7650,8030,7650,8030,178,1685,2651,3,11,51821258,37556989,724959,14989228
13990923,فاراك,1.1484E+12,132352062,6273526,8680,9,8400,8820,8240,8820,193,3626,4241,4,18,126850932,106558740,5501130,25793322
13990924,فاراك,7.54041E+11,88927707,6273526,8480,-2,8930,8980,8250,8250,188,3536,3193,14,7,79422707,80042413,9505000,8885294
13990925,فاراك,40769470820,5058247,6273526,8140,-4,8060,8060,8060,8060,181,240,21,2,0,1508247,5058247,3550000,0
13990926,فاراك,5.32401E+11,68440314,6273526,7780,-4,7740,8040,7740,7870,173,2379,2125,13,5,49469630,58142809,18970684,10297505
13990929,فاراك,2.61488E+11,33074657,6426735,7910,2,7840,8100,7450,7930,176,1763,1747,8,5,28263837,31964494,4810820,1110163
13990930,فاراك,3.09735E+11,40446433,6426735,7660,-3,7820,8080,7520,7550,168,1787,1865,4,1,35722615,40440954,4723818,5479
13991001,فاراك,8.44394E+11,105405292,6426735,8010,5,7460,8040,7460,8040,178,2645,2726,4,10,104138244,83847292,1267048,21558000
13991002,فاراك,5.16999E+11,64845760,6426735,7970,-1,8040,8140,7770,8000,177,2990,2511,3,8,64643860,62537052,201900,2308708
13991006,فاراك,7.22901E+11,87728389,6218905,8100,1,8000,8440,7850,8240,180,3204,3774,6,14,84762514,74079759,2965875,13648630
13991007,فاراك,6.77552E+11,79104335,6218905,8570,4,8350,8650,8250,8650,190,3044,3431,3,7,78444335,74268426,660000,4835909
13991008,فاراك,6.04528E+11,72594869,6218905,8330,-3,8750,8760,8150,8150,185,3225,2789,3,2,70264798,70944969,2330071,1649900
13991009,فاراك,2.78812E+11,35124675,6218905,7940,-5,8000,8260,7920,7920,176,1502,1037,5,0,30898145,35124675,4226530,0
13991010,فاراك,3.2695E+11,42965712,6218905,7610,-4,7750,7940,7550,7550,169,2003,1770,6,1,38169529,42778583,4796183,187129
13991014,فاراك,1.84861E+11,25860681,6570302,7150,-2,7050,7470,6910,7100,159,1476,1853,2,1,24360681,25799432,1500000,61249
13991015,فاراك,1.67257E+11,22958781,6570302,7290,2,7110,7450,7100,7100,162,1632,1482,1,0,22864781,22958781,94000,0
13991016,فاراك,2.7318E+11,39072626,6570302,6990,-4,7110,7290,6930,6930,155,2121,1747,5,1,35615204,39055626,3457422,17000
13991020,فاراك,2.67873E+11,40228113,7153076,6660,-5,6660,6800,6650,6650,142,1228,1419,1,3,38228113,36934113,2000000,3294000
13991021,فاراك,2.8204E+11,41412022,7153076,6810,2,6660,6990,6500,6740,145,2083,1798,0,2,41412022,41354601,0,57421
13991022,فاراك,3.11628E+11,45522997,7153076,6850,1,6870,7090,6610,6700,146,1730,2053,5,3,39621518,45126205,5901479,396792
13991023,فاراك,2.36554E+11,36220390,7153076,6530,-5,6710,6850,6510,6510,139,1280,1215,6,0,26090390,36220390,10130000,0
13991027,فاراك,6521468760,1050156,7656968,6490,-1,6210,6210,6210,6210,138,123,5,0,0,1050156,1050156,0,0
13991029,فاراك,4176725970,676941,7656968,6460,0,6170,6170,6170,6170,137,129,4,0,0,676941,676941,0,0
13991030,فاراك,2.32257E+11,37617849,7656968,6170,-4,6140,6400,6140,6140,131,1673,1375,3,2,36577849,37517570,1040000,100279
13991101,فاراك,2.47869E+11,40005490,7656968,6200,0,6000,6350,6000,6210,79,1939,1823,1,4,39905490,38312390,100000,1693100
13991104,فاراك,2.24493E+11,34604510,8064516,6490,5,6260,6510,6250,6510,83,1298,1045,1,4,32604510,29440910,2000000,5163600
13991105,فاراك,3.55771E+11,56726999,8064516,6270,-3,6780,6790,6170,6170,80,1996,1495,5,2,42889952,56526999,13837047,200000
13991106,فاراك,2.40018E+11,39312861,8064516,6110,-3,5970,6290,5960,6060,78,1286,1507,2,1,33101670,31312861,6211191,8000000
13991107,فاراك,2.11906E+11,36141385,8064516,5860,-4,6010,6190,5810,5810,75,1480,1205,2,1,30822414,35941385,5318971,200000
13991113,فاراك,1.567E+11,28584522,6172840,5480,-6,5650,5680,5370,5400,,1229,850,2,0,28283522,28584522,301000,0
13991114,فاراك,3.39955E+11,64593445,8532423,5260,-4,5290,5480,5210,5310,67,1384,1369,5,3,39490545,39589425,25102900,25004020
13991115,فاراك,2.47748E+11,48987974,6172840,5060,-4,5300,5380,5000,5000,,1269,1197,3,2,48370724,46817974,617250,2170000
13991118,فاراك,36541019470,7536608,9881423,4900,-3,5000,5000,4810,4810,63,558,234,2,1,7386132,7422942,150476,113666
13991119,فاراك,1.24685E+11,24361108,9881423,5120,4,4810,5140,4810,5140,66,499,1091,0,2,24361108,17074774,0,7286334
13991120,فاراك,2/10061E+11,42018919,9881423,5000,-2,#N/A,#N/A,#N/A,#N/A,64,1450,1378,3,1,41748724,42017419,270195,1500
13991121,فاراك,2.04511E+11,39386315,9881423,5190,4,4990,5250,4850,5250,67,1062,1464,2,6,39374315,38564315,12000,822000
13991125,فاراك,28428994000,5168908,9633911,5360,3,5500,5500,5500,5500,69,111,492,0,1,5168908,5167215,0,1693
13991126,فاراك,3.19262E+11,57246011,9633911,5580,4,5680,5680,5420,5510,72,1803,1530,6,5,55616011,54037582,1630000,3208429
13991127,فاراك,1.13793E+11,20775930,9633911,5480,-2,5500,5640,5470,5470,70,827,504,6,2,18390930,20753000,2385000,22930
13991128,فاراك,9583216460,1781267,9633911,5460,0,5380,5380,5380,5380,70,240,34,1,0,1771267,1781267,10000,0
13991129,فاراك,32921987200,6141013,9633911,5400,-1,5360,5400,5360,5360,69,274,124,3,0,5841013,6141013,300000,0
13991202,فاراك,5544149800,1046066,9259259,5390,0,5300,5300,5300,5300,69,141,3,1,0,996066,1046066,50000,0
13991203,فاراك,2628907820,496958,9259259,5380,0,5290,5290,5290,5290,69,65,3,1,0,396958,496958,100000,0
13991204,فاراك,2304060000,436375,9259259,5380,0,#N/A,#N/A,#N/A,#N/A,69,53,5,0,0,436375,436375,0,0
13991205,فاراك,8908320960,1687182,9259259,5360,0,5280,5280,5280,5280,69,119,14,1,0,1637182,1687182,50000,0
13991206,فاراك,6781507600,1289260,9259259,5350,0,5260,5260,5260,5260,69,126,9,1,1,1229260,1089260,60000,200000
13991209,فاراك,3065527500,583910,9345794,5340,0,5250,5250,5250,5250,68,94,12,1,0,573910,583910,10000,0
13991210,فاراك,1299797720,248053,9345794,5340,0,5240,5240,5240,5240,68,52,2,1,0,198053,248053,50000,0
13991211,فاراك,5053712760,964449,6172840,5330,0,5240,5240,5240,5240,,82,9,0,0,964449,964449,0,0
13991212,فاراك,3783889310,723497,9345794,5320,0,5230,5230,5230,5230,68,90,7,2,0,650497,723497,73000,0
13991213,فاراك,2730947400,523170,9345794,5310,0,5220,5220,5220,5220,68,69,3,1,0,513170,523170,10000,0
13991216,فاراك,1644750110,315691,9416196,5310,0,5210,5210,5210,5210,68,72,5,1,0,295691,315691,20000,0
13991217,فاراك,3413633680,655208,9416196,5300,0,5210,5210,5210,5210,68,72,5,1,1,635208,455208,20000,200000
13991218,فاراك,9703631600,1866083,6172840,5280,0,5200,5200,5200,5200,,146,16,1,0,1846083,1866083,20000,0
13991219,فاراك,1.39E+11,26789870,9416196,5190,-2,5180,5270,5180,5180,67,793,1315,2,2,16569870,26481870,10220000,308000
13991224,فاراك,1.65E+11,33102667,9823183,4980,0,4930,5110,4910,4940,64,1567,1573,4,4,32053396,31667563,1049271,1435104
13991225,فاراك,1.65E+11,33181259,9823183,4970,0,4910,5080,4900,4930,64,1346,1205,2,7,29119719,27152591,4061540,6028668
14000111,فاراك,1.05945E+11,41366108,19531250,2560,17,2460,2600,2460,2600,75,147,723,1,5,41363308,31391108,2800,9975000
14000114,فاراك,5.58E+11,207903912,19531250,2690,5,2710,2710,2570,2640,79,4544,3095,4,12,205491494,193354680,2412418,14549232
14000115,فاراك,16111737840,6102931,19531250,2670,-1,2640,2640,2640,2640,79,283,88,3,1,2892931,5903931,3210000,199000
14000116,فاراك,7107281860,2712703,19531250,2660,0,2620,2620,2620,2620,78,176,18,2,0,1662703,2712703,1050000,0
14000117,فاراك,82106995360,31352817,19531250,2620,-2,2610,2690,2610,2610,77,541,645,3,2,30153385,31264507,1199432,88310
14000118,فاراك,16041235820,6241726,19531250,2600,-1,2570,2570,2570,2570,76,137,193,3,0,5196433,6241726,1045293,0
14000121,فاراك,1265169750,496145,19230769,2600,0,2550,2550,2550,2550,76,51,2,1,0,486145,496145,10000,0
14000123,فاراك,1038010650,407063,19230769,2600,0,2550,2550,2550,2550,76,55,3,1,0,397063,407063,10000,0
14000125,فاراك,1.06472E+11,43748763,19230769,2430,-7,2470,2480,2430,2430,71,795,565,3,1,43577576,43743763,171187,5000
14000128,فاراك,1377794370,576483,20576132,2430,0,2390,2390,2390,2390,71,66,4,0,0,576483,576483,0,0
14000130,فاراك,1317336930,551187,20576132,2430,0,2390,2390,2390,2390,71,59,2,0,0,551187,551187,0,0
14000131,فاراك,4339733320,1815788,20576132,2430,0,2390,2390,2390,2390,71,82,7,0,1,1815788,1815388,0,400
14000201,فاراك,1779914360,754201,20576132,2430,0,2360,2360,2360,2360,71,61,5,0,0,754201,754201,0,0
14000204,فاراك,409896600,173685,20576132,2430,0,,,,,54,30,1,0,0,173685,173685,0,0
14000205,فاراك,444222800,188230,20576132,2430,0,2360,2360,2360,2360,54,25,1,0,0,188230,188230,0,0
14000206,فاراك,2583067200,1094520,20576132,2430,0,2360,2360,2360,2360,54,60,12,0,1,1094520,1091431,0,3089
14000207,فاراك,4140808800,1754580,20576132,2420,0,2360,2360,2360,2360,52,100,15,0,0,1754580,1754580,0,0
14000208,فاراك,5578580400,2373864,20576132,2410,0,2350,2350,2350,2350,54,137,15,0,0,2373864,2373864,0,0
14000211,فاراك,5578580400,2373864,20576132,2410,0,2350,2350,2350,2350,54,137,15,0,0,2373864,2373864,0,0
14000212,فاراك,430097030,184591,20746888,2399,0,2330,2330,2330,2330,53,27,1,0,0,184591,184591,0,0
14000213,فاراك,1398508752,600734,20746888,2397,0,2328,2328,2328,2328,53,35,1,0,1,600734,200734,0,400000
14000215,فاراك,1803447818,775343,20885547,2394,0,2326,2326,2326,2326,53,56,7,0,0,775343,775343,0,0
14000218,فاراك,1347774401,580187,20885547,2392,0,2323,2323,2323,2323,53,36,2,1,0,570187,580187,10000,0
14000219,فاراك,531903570,229170,20885547,2391,0,2321,2321,2321,2321,53,36,2,0,0,229170,229170,0,0
14000220,فاراك,1057300560,455733,20885547,2389,0,2320,2320,2320,2320,53,46,4,0,0,455733,455733,0,0
14000221,فاراك,6955390800,3000600,20885547,2379,0,2318,2318,2318,2318,52,120,12,0,2,3000600,2200600,0,800000
14000222,فاراك,1725617744,747668,20885547,2376,0,2308,2308,2308,2308,53,70,7,0,0,747668,747668,0,0
14000225,فاراك,8098307968,3586496,6313131,2309,-3,2258,2258,2258,2258,51,83,13,0,2,3586496,2786496,0,800000
14000226,فاراك,7304227502,3329183,6313131,2248,-3,2194,2194,2194,2194,49,85,11,0,1,3329183,2929183,0,400000
14000227,فاراك,1204174272,563752,6313131,2238,0,2136,2136,2136,2136,50,57,6,0,0,563752,563752,0,0
14000228,فاراك,1348092600,633800,6313131,2227,0,2127,2127,2127,2127,49,56,7,0,0,633800,633800,0,0
14000229,فاراك,913075160,431510,6313131,2219,0,2116,2116,2116,2116,49,35,4,0,0,431510,431510,0,0
14000301,فاراك,516386541,244849,6759802,2215,0,2109,2109,2109,2109,49,30,2,0,0,244849,244849,0,0
14000302,فاراك,853160710,405302,6759802,2208,0,2105,2105,2105,2105,49,30,6,0,0,405302,405302,0,0
14000303,فاراك,617940724,294538,6759802,2203,0,2098,2098,2098,2098,49,39,1,0,0,294538,294538,0,0
14000304,فاراك,3383501940,1616580,6759802,2177,-1,2093,2093,2093,2093,48,75,7,0,0,1616580,1616580,0,0
14000305,فاراك,1222996245,591105,6759802,2168,0,2069,2069,2069,2069,48,52,3,0,0,591105,591105,0,0
14000308,فاراك,4.66E+11,223570947,6918819,2084,-4,2060,2144,2060,2088,46,3588,3105,6,21,216484202,187631970,7086745,35938977
14000309,فاراك,2.67E+11,124423024,6918819,2145,3,2116,2188,2020,2070,48,1799,1892,6,6,98021003,90703310,26402021,33719714
14000310,فاراك,64754334143,31619396,6918819,2048,-5,2070,2108,2038,2038,46,708,497,1,1,29619396,28618530,2000000,3000866
14000311,فاراك,6062482776,3115356,6918819,2002,-2,1946,1946,1946,1946,44,162,16,0,1,3115356,1716604,0,1398752
14000312,فاراك,3.05E+11,156295441,6918819,1949,-3,1902,2029,1902,1985,49,2059,1728,5,7,146702434,131582020,9593007,24713421
14000317,فاراك,1.42E+11,69429968,7696254,2043,5,2029,2046,1991,2046,51,328,766,2,8,67922438,27440170,1507530,41989798
14000318,فاراك,1.91E+11,89618968,7696254,2133,4,2145,2145,2070,2119,53,657,1067,3,4,87165784,85062069,2453184,4556899
14000319,فاراك,2.35E+11,108904773,6957328,2156,1,2076,2227,2066,2173,54,1167,1383,4,5,106754773,108038894,2150000,865879
14000322,فاراك,96430676838,45468546,6957328,2121,-2,2102,2185,2055,2100,53,668,806,4,2,45133546,45443701,335000,24845
14000323,فاراك,86550861087,41158390,6957328,2103,-1,2115,2144,2051,2100,53,490,638,1,1,41148390,35958390,10000,5200000
14000324,فاراك,1.2E+11,56222181,6957328,2131,1,2129,2178,2094,2150,53,623,698,3,2,55205181,54668561,1017000,1553620
14000325,فاراك,1.39E+11,67695719,6957328,2056,-4,2140,2173,2025,2025,51,917,625,2,4,66645719,65542570,1050000,0
14000326,فاراك,1.71E+11,85755345,7537688,1990,-3,1999,2050,1954,1967,50,995,661,5,3,48035345,72105345,37720000,13650000
14000329,فاراك,70200000000,35026462,7537688,2004,1,2001,2044,1961,1990,50,708,557,0,2,35026462,33592140,0,1434322
14000330,فاراك,1.11E+11,57790866,7537688,1922,-4,2010,2030,1904,1904,48,1151,395,3,2,55225866,55658547,2565000,2132319
14000401,فاراك,2.25E+11,109800809,7537688,2054,5,2050,2059,2001,2059,51,1040,992,1,8,99773019,92107426,10027790,17693383
14000402,فاراك,1.8E+11,86044335,7537688,2092,2,2089,2140,2001,2089,52,951,926,3,4,78729768,78233950,7314567,7810385
14000405,فاراك,1.54E+11,72891180,7170172,2112,1,2089,2169,2060,2073,53,1049,834,1,3,65791180,72068075,7100000,823105
14000406,فاراك,1.68E+11,81216982,7170172,2068,-2,2060,2144,2021,2035,52,1197,906,2,3,80830759,80776214,386223,440768
14000414,فاراك,1.34E+11,73119573,7253385,1827,5,1840,1860,1807,1847,65,851,588,1,2,63119573,63730573,10000000,9389000
14000415,فاراك,1.32E+11,70119662,7253385,1876,3,1860,1914,1830,1885,67,1178,960,1,1,68544700,69919662,1574962,200000
14000416,فاراك,74751813071,38306944,8255091,1951,4,1900,1969,1881,1969,70,225,640,0,5,38306944,35959369,0,2347575
14000419,فاراك,3.62E+11,177907161,8255091,2036,4,2030,2048,1990,2010,73,1992,1573,2,9,176600040,145398432,1307121,32508729
14000420,فاراك,2.85E+11,145390370,8255091,1960,-4,1999,2019,1935,1978,70,2091,1236,4,0,136425370,145390370,8965000,0
14000421,فاراك,1.11E+11,56247939,8255091,1978,1,1999,2040,1921,1945,71,1109,864,1,1,55232939,55990372,1015000,257567
14000422,فاراك,79397355265,40757760,8255091,1948,-2,1930,2000,1911,1935,70,829,698,2,1,40207760,40707760,550000,50000
14000423,فاراك,71922194597,36917243,8255091,1948,0,1935,1978,1917,1962,70,717,803,1,0,36517243,37000000,400000,0
14000426,فاراك,6.49E+11,318112779,8255091,2042,5,1989,2045,1981,2045,73,2326,1978,3,8,311413281,261000865,6699498,57111914
14000427,فاراك,2.39E+11,117644245,,2033,0,2059,2090,1970,2019,73,2127,1263,2,4,114414071,114903649,3230174,2740596
14000504,فاراك,1.56E+11,76387707,8255091,2045,-2,2100,2124,1990,2002,73,1375,1010,1,0,76121207,76387707,266500,0
14000505,فاراك,1.21E+11,61927785,8255091,1954,-4,2040,2040,1943,1943,70,1162,571,2,1,58034089,61925628,3893696,2157
14000506,فاراك,1.4E+11,74396811,8255091,1875,-4,1861,1950,1857,1860,67,1437,778,4,0,73667980,74396811,728831,0
14000509,فاراك,69610242049,36183740,8255091,1924,3,1852,1957,1851,1939,69,770,785,1,2,36132740,36177539,51000,6201
14000510,فاراك,1.16E+11,60075286,8255091,1927,0,1956,1959,1890,1927,69,704,725,1,5,60005843,55000000,69443,4688560
14000511,فاراك,98886061037,52380627,8255091,1888,-2,1936,1977,1854,1860,67,1288,669,1,3,52310627,40792606,70000,11588021
14000512,فاراك,56638660246,30396001,8255091,1863,-1,1851,1898,1850,1859,67,791,693,1,1,30245066,30129501,150935,266500
14000513,فاراك,1.01E+11,54149965,8255091,1867,0,1860,1909,1836,1850,67,1253,795,1,2,54035802,48680262,114163,5469703
14000516,فاراك,73483539822,39755193,8255091,1848,-1,1828,1900,1828,1831,66,838,706,2,3,39529193,39030628,226000,724565
14000517,فاراك,1.92E+11,99970161,8255091,1922,4,1807,1940,1807,1940,69,916,1232,2,4,99904590,93206161,65571,6764000
14000518,فاراك,1.32E+11,68661721,8255091,1920,0,1945,1964,1890,1895,69,1388,855,0,2,68661721,68483727,0,177994
14000519,فاراك,1.23E+11,63028713,8255091,1945,1,1920,1989,1894,1930,69,1246,1139,0,4,63028713,62248865,0,779848
14000520,فاراك,1.18E+11,61531498,8255091,1923,-1,1970,1970,1894,1915,69,1466,1121,1,2,60531498,58719998,1000000,2811500
14000523,فاراك,1.41E+11,72860997,8255091,1937,1,1917,1980,1888,1936,69,1524,1228,1,2,71360997,62036738,1500000,10824259
14000524,فاراك,2.1E+11,105030105,8255091,1996,3,1959,2033,1912,2033,71,903,1501,2,6,104190105,95725105,840000,9305000
14000531,فاراك,3.37E+11,161466204,8255091,2084,4,2095,2095,2040,2095,74,2089,1754,2,4,158189043,160426205,3277161,1039999
14000601,فاراك,5.5E+11,253223109,8255091,2172,4,2115,2188,2050,2188,78,2063,1620,2,5,252124778,234901042,1098331,18322067
14000602,فاراك,3.8E+11,167473238,8255091,2268,4,2220,2280,2170,2266,81,2359,1492,3,4,167372751,166335467,100487,1137771
14000603,فاراك,3.47E+11,155544845,8255091,2233,-2,2290,2325,2165,2233,80,2536,1987,5,3,136974786,149329137,18570059,6215708
14000606,فاراك,2.84E+11,124735486,8255091,2275,2,2248,2320,2233,2260,81,1868,1408,4,5,116629913,116280258,8105573,8455228
14000607,فاراك,2.76E+11,124944177,8255091,2205,-3,2280,2282,2162,2162,79,2178,1530,7,5,116179075,119393627,8765102,5550550
14000608,فاراك,50002316508,23853674,8255091,2096,-5,2095,2149,2095,2095,75,577,163,2,0,21753674,23853674,2100000,0
14000609,فاراك,2.41E+11,120513612,8255091,2004,-4,1992,2079,1992,1992,72,1712,1077,4,3,115388544,113527292,5125068,6986320
14000610,فاراك,1.41E+11,69674220,8255091,2030,1,1970,2093,1950,2050,73,1261,974,3,3,68709220,66501160,965000,3173060
14000613,فاراك,1.52E+11,73624735,8255091,2059,1,2089,2127,2024,2054,74,1507,1031,2,4,73137278,73422822,487457,201913
14000614,فاراك,2.34E+11,110933684,8255091,2105,2,2070,2160,2021,2091,75,1479,1284,5,2,108282643,107133684,2651041,3800000
14000615,فاراك,5.91E+11,268718982,8255091,2199,4,2140,2210,2101,2167,79,1511,2575,4,6,263968982,227970854,4750000,40748128
14000616,فاراك,2.62E+11,116695694,8255091,2244,2,2180,2292,2134,2250,80,1270,2439,3,1,113856422,116285686,2839272,410008
14000617,فاراك,5.84E+11,248615797,8255091,2350,5,2250,2356,2250,2356,84,1175,2810,7,12,240075688,199693555,8540109,48922242
14000620,فاراك,3.75E+11,159888625,8255091,2343,0,2400,2444,2262,2293,84,1983,1810,9,1,152237541,157888625,7651084,2000000
14000621,فاراك,84113471058,37598689,8255091,2237,-5,2281,2320,2226,2226,80,687,345,4,1,30802611,37198689,6796078,400000
14000622,فاراك,2.1E+11,98263649,8255091,2136,-5,2133,2212,2126,2126,76,1158,941,2,1,98147649,98247745,116000,15904
14000623,فاراك,1.75E+11,81802869,8255091,2139,0,2100,2210,2081,2120,76,1302,1285,0,1,81802869,81661450,0,0
14000624,فاراك,1.35E+11,62904268,8255091,2140,0,2120,2190,2075,2143,76,878,1856,6,3,55693361,61394887,7210907,1509381
14000627,فاراك,2.12E+11,103643374,8255091,2044,-4,2179,2179,2033,2033,73,1072,591,5,2,92978444,101753279,10664930,1890095
14000628,فاراك,1.23E+11,62305378,8255091,1967,-4,1989,2088,1942,1942,70,884,653,4,2,52965810,58655508,9339568,3649870
14000629,فاراك,1.1E+11,56805900,8255091,1945,-1,1920,2010,1897,1916,69,1022,800,2,2,51926229,56233409,4879671,572491
14000630,فاراك,1.41E+11,75891447,8255091,1859,-4,1910,1950,1848,1858,66,1043,793,2,2,74591447,74232899,1300000,1658548
14000631,فاراك,89020924102,49282066,8255091,1806,-3,1850,1912,1767,1840,65,1084,857,1,3,49279066,48846970,3000,435096
14000703,فاراك,62577652779,33420682,8305648,1872,4,1890,1896,1840,1896,67,896,648,1,2,33396682,32990846,24000,429836
14000704,فاراك,39685753579,21335648,8305648,1860,-1,1899,1920,1829,1840,66,604,484,1,1,21323648,20035648,12000,1300000
14000706,فاراك,73446154449,40763579,8305648,1802,-3,1841,1868,1768,1783,64,1005,543,0,2,40763579,30667784,0,10095795
14000707,فاراك,54090435486,29925154,8296460,1808,0,1777,1832,1771,1819,65,680,524,2,0,28772009,29925154,1153145,0
14000710,فاراك,66194768190,36224587,8296460,1827,1,1822,1859,1808,1832,65,719,646,0,3,36224587,35652766,0,571821
14000711,فاراك,69450555236,38774573,8296460,1791,-2,1813,1840,1736,1810,64,809,579,2,1,38597220,38609573,177353,165000
14000712,فاراك,51057635093,28264483,8296460,1806,1,1800,1826,1793,1808,65,695,500,1,0,27764483,28264483,500000,0
14000714,فاراك,51318686027,28289864,8269019,1814,0,1810,1844,1800,1803,65,595,496,0,3,28289864,27038516,0,1251348
14000717,فاراك,94010151008,53899013,8269019,1744,-4,1816,1847,1724,1730,62,716,563,2,1,53495013,53893013,404000,6000
14000718,فاراك,65700000000,39036911,8269019,1684,-3,1729,1729,1657,1684,60,731,580,1,2,39027911,38600079,9000,436832
14000719,فاراك,39200000000,23395719,8269019,1676,0,1666,1723,1647,1655,60,608,443,0,3,23395719,20545489,0,2850230
14000720,فاراك,1.03E+11,64508083,8269019,1599,-5,1680,1680,1593,1593,57,654,326,1,2,61208083,64195802,3300000,312281
14000721,فاراك,1.06E+11,66655342,8269019,1585,-1,1541,1620,1540,1619,57,572,674,2,2,60267892,63655342,6387450,3000000